<?xml version="1.0" encoding="UTF-8"?><collection xmlns="http://www.loc.gov/MARC21/slim"><record><leader>00460nam--2200121-i-4500</leader><controlfield tag="001">000015798</controlfield><controlfield tag="002">20161230</controlfield><controlfield tag="005">20161230201031</controlfield><controlfield tag="008">060222s1000------------r-----000-0-eng-d</controlfield><datafield ind1=" " ind2=" " tag="245"><subfield code="a">Collection securite. (safety series) nr.72: principes relatifs a l etablissement de niveaux d intervention pour la protection du public dans le cas d un accident nucleaire ou d une urgence radiologique</subfield></datafield><datafield ind1=" " ind2=" " tag="260"><subfield code="a">Vienna, Iaea, 1986</subfield></datafield><datafield ind1=" " ind2=" " tag="490"><subfield code="a">Collection Securite</subfield></datafield><datafield ind1=" " ind2=" " tag="852"><subfield code="a">11497</subfield></datafield></record></collection>